<collection xmlns="http://www.loc.gov/MARC21/slim">
<record>
  <leader>01283nam0a2200277 i 450 </leader>
  <controlfield tag="001">IT\ICCU\CNCE\000121</controlfield>
  <controlfield tag="005">20171128000000.0</controlfield>
  <datafield tag="012" ind1=" " ind2=" ">
    <subfield code="a">ca.e e-id i.et popa (3) 1502 (A)</subfield>
    <subfield code="2">fei</subfield>
    <subfield code="9">1</subfield>
  </datafield>
  <datafield tag="012" ind1=" " ind2=" ">
    <subfield code="a">roud usop a*l. Sist (3) 1503 (R)</subfield>
    <subfield code="2">fei</subfield>
    <subfield code="9">2</subfield>
  </datafield>
  <datafield tag="100" ind1=" " ind2=" ">
    <subfield code="a">19970101g15021503    0itac0103    ba</subfield>
  </datafield>
  <datafield tag="101" ind1=" " ind2=" ">
    <subfield code="a">LAT</subfield>
  </datafield>
  <datafield tag="102" ind1=" " ind2=" ">
    <subfield code="a">IT</subfield>
  </datafield>
  <datafield tag="200" ind1="1" ind2=" ">
    <subfield code="a">Comentaria iuris vtriusque censure doctoris subtilissimi domini Francisci Aretini de Acoltis in primam \-secundam! partem Codicis nouiter impressa</subfield>
  </datafield>
  <datafield tag="210" ind1=" " ind2=" ">
    <subfield code="e">Impressum Papie</subfield>
    <subfield code="g">per Leonardum de Opizonibus</subfield>
    <subfield code="g">impensis Gasparis de Nebiis de Burgo</subfield>
    <subfield code="h">1502</subfield>
  </datafield>
  <datafield tag="215" ind1=" " ind2=" ">
    <subfield code="a">2 v.</subfield>
    <subfield code="d">fol</subfield>
  </datafield>
  <datafield tag="300" ind1=" " ind2=" ">
    <subfield code="a">2: (Papie : opera et impensis Gasparis de Nebiis de Burgofrancho, 1503)</subfield>
  </datafield>
  <datafield tag="620" ind1=" " ind2=" ">
    <subfield code="a">IT</subfield>
    <subfield code="d">Pavia</subfield>
  </datafield>
  <datafield tag="700" ind1=" " ind2="1">
    <subfield code="a">Accolti,</subfield>
    <subfield code="b">Francesco</subfield>
    <subfield code="3">IT\ICCU\CNCA\000431</subfield>
  </datafield>
  <datafield tag="712" ind1="0" ind2="0">
    <subfield code="a">Opizoni, Leonardo</subfield>
    <subfield code="3">IT\ICCU\CNCT\000079</subfield>
    <subfield code="4">650</subfield>
  </datafield>
  <datafield tag="712" ind1="0" ind2="0">
    <subfield code="a">Nebbi, Gaspare</subfield>
    <subfield code="3">IT\ICCU\CNCT\000078</subfield>
    <subfield code="4">650</subfield>
  </datafield>
  <datafield tag="791" ind1="0" ind2="0">
    <subfield code="a">Opizonibus, Leonardus de</subfield>
    <subfield code="3">IT\ICCU\CNCT\005158</subfield>
    <subfield code="z">Opizoni, Leonardo</subfield>
  </datafield>
  <datafield tag="791" ind1="0" ind2="0">
    <subfield code="a">Opizzoni, Leonardo de</subfield>
    <subfield code="3">IT\ICCU\CNCT\005159</subfield>
    <subfield code="z">Opizoni, Leonardo</subfield>
  </datafield>
  <datafield tag="791" ind1="0" ind2="0">
    <subfield code="a">Nebiis, Gaspar de</subfield>
    <subfield code="3">IT\ICCU\CNCT\004006</subfield>
    <subfield code="z">Nebbi, Gaspare</subfield>
  </datafield>
  <datafield tag="791" ind1="0" ind2="0">
    <subfield code="a">Nebbia, Gaspare de</subfield>
    <subfield code="3">IT\ICCU\CNCT\005109</subfield>
    <subfield code="z">Nebbi, Gaspare</subfield>
  </datafield>
  <datafield tag="801" ind1=" " ind2="3">
    <subfield code="a">IT</subfield>
    <subfield code="b">ICCU</subfield>
    <subfield code="c">20201113</subfield>
  </datafield>
  <datafield tag="899" ind1=" " ind2=" ">
    <subfield code="a">Biblioteca nazionale Braidense. Milano</subfield>
    <subfield code="1">MI0185</subfield>
    <subfield code="2">MIL NB</subfield>
  </datafield>
</record>
</collection>
